@article{PsychologicalImpactQuarantine,
  author  = {Brooks, S. K. and Webster, R. K. and Smith, L. E. and Woodland, L. and Wessely, S. and Greenberg, N. and Rubin, G. J.},
  title   = {The psychological impact of quarantine and how to reduce it: A rapid review of the evidence},
  year    = {2020},
  journal = {The Lancet},
  volume  = {395},
  number  = {10227},
  pages   = {912-920},
  doi     = {10.1016/S0140-6736(20)30460-8}
}

@article{PrevalenceDepressionDuringCOVID-19,
  author  = {Brooks, S. K. and Dunn, K.},
  title   = {Prevalence of depression during the COVID-19 pandemic: A global review},
  year    = {2021},
  journal = {Journal of Affective Disorders},
  volume  = {279},
  pages   = {578-584},
  doi     = {10.1016/j.jad.2020.11.008}
}

@article{Carver2010WileyInterdisciplinaryReviews,
  author    = {Charles S. Carver and Michael F. Scheier},
  title     = {Dispositional optimism},
  journal   = {Wiley Interdisciplinary Reviews: Cognitive Science},
  year      = {2010},
  volume    = {1},
  number    = {6},
  pages     = {979--984},
  doi       = {10.1002/wcs.65}
}

@article{Cohen2016PsychologicalStressDisease,
  author    = {Sheldon Cohen and Denise Janicki-Deverts and Gregory E. Miller},
  title     = {Psychological stress and disease},
  journal   = {JAMA},
  year      = {2007},
  volume    = {298},
  number    = {14},
  pages     = {1685--1687},
  doi       = {10.1001/jama.298.14.1685}
}

@article{Conversano2020MindfulnessResilience,
  author    = {Conversano, C. and Di Giuseppe, M. and Miccoli, M. and Ciacchini, R. and Gemignani, A. and Poli, A.},
  title     = {Mindfulness, resilience, and psychological well-being during COVID-19: A cross-sectional study},
  journal   = {Psychiatry Research},
  year      = {2020},
  volume    = {293},
  pages     = {113393},
  doi       = {10.1016/j.psychres.2020.113393}
}

@article{Frontiers2021StressAnxietyEconomicInsecurity,
  author    = {Hu, Y. and Ye, B. and Tan, J.},
  title     = {Stress of COVID-19, Anxiety, Economic Insecurity, and Mental Health Literacy: A Structural Equation Modeling Approach},
  journal   = {Frontiers in Psychology},
  year      = {2021},
  volume    = {12},
  pages     = {707079},
  doi       = {10.3389/fpsyg.2021.707079}
}

@article{Lee2019OptimismLongevity,
  author    = {Lee, L. O. and James, P. and Zevon, E. S. and others},
  title     = {Optimism is associated with exceptional longevity in 2 epidemiologic cohorts of men and women},
  journal   = {Proceedings of the National Academy of Sciences},
  year      = {2019},
  volume    = {116},
  number    = {37},
  pages     = {18357-18362},
  doi       = {10.1073/pnas.1900712116}
}

@article{NIMH2023StressImpactCOVID,
  author    = {National Institute of Mental Health (NIMH)},
  title     = {COVID-19 and Mental Health},
  journal   = {National Institute of Mental Health},
  year      = {2023},
  url       = {https://www.nimh.nih.gov/health/topics/covid-19-and-mental-health},
  note      = {Accessed: 2023-08-01}
}

@article{spearman1904,
  author = {Charles Spearman},
  title = {The Proof and Measurement of Association between Two Things},
  journal = {The American Journal of Psychology},
  year = {1904},
  volume = {15},
  number = {1},
  pages = {72--101},
  doi = {10.2307/1412159}
}

@book{sheskin2011,
  author = {David J. Sheskin},
  title = {Handbook of Parametric and Nonparametric Statistical Procedures},
  edition = {5th},
  publisher = {CRC Press},
  year = {2011},
  isbn = {978-1439802483},
  note = {This reference discusses the use of non-parametric tests such as Spearmanâ€™s rank correlation and the Mann-Whitney U test.}
}